@article{Toups2014ATheory,
    title = {{A framework for cooperative communication game mechanics from grounded theory}},
    year = {2014},
    journal = {Annual Symposium on Computer-Human Interaction in Play},
    author = {Toups, Zachary O. and Hammer, Jessica and Hamilton, William A. and Jarrah, Ahmad and Graves, William and Garretson, Oliver},
    pages = {257--266},
    keywords = {Analysis, Communication, Cooperation, Game design, Teams}
}

@article{Teruel2018AssessingGame,
    title = {{Assessing the impact of the awareness level on a co-operative game}},
    year = {2018},
    journal = {Information and Software Technology},
    author = {Teruel, Miguel A. and Condori-Fernandez, Nelly and Navarro, Elena and Gonz{\'{a}}lez, Pascual and Lago, Patricia},
    number = {July},
    pages = {89--116},
    volume = {98},
    publisher = {Elsevier},
    keywords = {Awareness, Co-operative game, Face analysis, Gamespace Awareness}
}

@article{Zagal2006CollaborativeGames,
    title = {{Collaborative games: Lessons learned from board games}},
    year = {2006},
    journal = {Simulation and Gaming},
    author = {Zagal, José P. and Rick, Jochen and Hsi, Idris},
    number = {1},
    pages = {24--40},
    volume = {37},
    keywords = {Board games, Collaboration, Collaborative games, Computer games, Cooperation, Decisions, Game design, Individuals, LORD OF THE RINGS, Lessons, Multiplayer games, Payoffs, Pitfalls, Teams, Utility}
}

@article{Cheung2012CommunicationGaming,
    title = {{Communication channels and awareness cues in collocated collaborative time-critical gaming}},
    year = {2012},
    journal = {Proceedings of the ACM Conference on Computer Supported Cooperative Work},
    author = {Cheung, Victor and Chang, Y. L.Betty and Scott, Stacey D.},
    number = {January},
    pages = {569--578},
    keywords = {awareness, collaborative gameplay, collocated gaming, communication channels, computer-supported cooperative play (cscp), console games, cues}
}

@article{JeanMacmillanElliotE.Entin2004CommunicationCognition,
    title = {{Communication overhead: the hidden cost of team cognition}},
    year = {2004},
    journal = {American Psychological Association},
    author = {Jean Macmillan , Elliot E. Entin, Daniel Serfaty},
    pages = {61–82}
}

@article{Jiang2009CThru:Purposes,
    title = {{CThru: Exploration in a video-centered information space for educational purposes}},
    year = {2009},
    journal = {Conference on Human Factors in Computing Systems - Proceedings},
    author = {Jiang, Hao and Viel, Alain and Bajaj, Meekal and Lue, Robert A. and Shen, Chia},
    pages = {1247--1250},
    keywords = {Multi- display environment, Self-exploration, Video-centered information space}
}

@article{Toups2009GameResponse,
    title = {{Game design principles for engaging cooperative play: Core mechanics and interfaces for non-mimetic simulation of fire emergency response}},
    year = {2009},
    journal = {SIGGRAPH Symposium on Video Games},
    author = {Toups, Zachary O. and Kerne, Andruid and Hamilton, William},
    pages = {71--78},
    keywords = {Communication, Cooperation, Coordination, Core mechanics, Emergency response, Interface design, Work practice}
}

@article{Rocha2008GameGames,
    title = {{Game Mechanics for Cooperative Games}},
    year = {2008},
    journal = {ZON Digital Games},
    author = {Rocha, José Bernardo and Mascarenhas, Samuel and Prada, Rui},
    number = {0},
    pages = {72--80},
    volume = {0}
}

@article{ClarkHerbertHandBrennan1991GroundingCommunication,
    title = {{Grounding in communication}},
    year = {1991},
    journal = {American Psychological Association},
    author = {Clark, Herbert H and Brennan, Susan E},
    pages = {183--217},
    isbn = {978-0-12-372581-3}
}

@misc{Clark2004GroundingCommunication.,
    title = {{Grounding in communication.}},
    year = {2004},
    booktitle = {Perspectives on socially shared cognition.},
    author = {Clark, Herbert H. and Brennan, Susan E.},
    pages = {127--149},
    doi = {10.1037/10096-006}
}

@article{Morschheuser2017HowGame,
    title = {{How games induce cooperation? A study on the relationship between game features and we-intentions in an augmented reality game}},
    year = {2017},
    journal = {Computers in Human Behavior},
    author = {Morschheuser, Benedikt and Riar, Marc and Hamari, Juho and Maedche, Alexander},
    pages = {169--183},
    volume = {77},
    publisher = {Elsevier Ltd},
    keywords = {Augmented reality, Cooperation, Gamification, Location-based games, Online games, We-intention}
}

@article{Vaddi2016Investigating2,
    title = {{Investigating the impact of cooperative communication mechanics on player performance in Portal 2}},
    year = {2016},
    journal = {Proceedings - Graphics Interface},
    author = {Vaddi, Deepika and Toups, Zachary O. and Dolgov, Igor and Wehbe, Rina R. and Nacke, Lennart E.},
    pages = {41--48},
    keywords = {H.5.3 [information systems]: Group and organizatio}
}

@article{Wehbe2017LeftGameplay,
    title = {{Left them 4 dead: Perception of humans versus non-player character teammates in cooperative gameplay}},
    year = {2017},
    journal = {ACM Conference on Designing Interactive Systems},
    author = {Wehbe, Rina R. and Lank, Edward and Nacke, Lennart E.},
    pages = {403--415},
    keywords = {Cooperative games, Games user research (GUR), Sociality, User experience}
}

@article{Chanel2012PhysiologicalPlay,
    title = {{Physiological compliance for social gaming analysis: Cooperative versus competitive play}},
    year = {2012},
    journal = {Interacting with Computers},
    author = {Chanel, Guillaume and Kivikangas, J. Matias and Ravaja, Niklas},
    number = {4},
    pages = {306--316},
    volume = {24},
    keywords = {Cardiac activity, Digital games, Electrodermal activity, Facial electromyography, Physiological compliance, Social presence}
}

@article{Jan2019Realistic1,
    title = {{Realistic rendering of crystals in real-time Bachelor Thesis 1}},
    year = {2019},
    author = {Jan, Author and Mikusch, Claudio}
}

@article{Saksono2015SpaceshipFamilies,
    title = {{Spaceship launch: Designing a collaborative exergame for families}},
    year = {2015},
    journal = {International Conference on Computer-Supported Cooperative Work and Social Computing},
    author = {Saksono, Herman and Ranade, Ashwini and Kamarthi, Geeta and Castaneda-Sceppa, Carmen and Hoffman, Jessica A. and Wirth, Cathy and Parker, Andrea G.},
    pages = {1776--1787},
    keywords = {Exergames, collaborative games, competition, gamification, physical activity, serious games for health}
}

@article{Fakourfar2016StabilizedAssistance,
    title = {{Stabilized annotations for mobile remote assistance}},
    year = {2016},
    journal = {Conference on Human Factors in Computing Systems - Proceedings},
    author = {Fakourfar, Omid and Ta, Kevin and Tang, Richard and Bateman, Scott and Tang, Anthony},
    pages = {1548--1560},
    isbn = {9781450333627},
    doi = {10.1145/2858036.2858171},
    keywords = {Annotation systems, Augmented reality, Head-mounted displays, Mobile video conferencing, Remote assistance}
}

@article{Nardi2006StrangersWarcraft,
    title = {{Strangers and friends: Collaborative play in world of warcraft}},
    year = {2006},
    journal = {Proceedings of the ACM Conference on Computer Supported Cooperative Work},
    author = {Nardi, Bonnie and Harris, Justin},
    pages = {149--158},
    keywords = {Community, Gemeinschaft, Learning, MMOGs, Multiplayer games, Play, Social isolation, Social ties}
}

@article{Kujanpaa2003SupportingAvatars,
    title = {{Supporting Visual Elements of Non-Verbal Communication in Computer Game Avatars}},
    year = {2003},
    journal = {Level Up Digital Games Research Conference},
    author = {Kujanp{\"{a}}{\"{a}}, T and Manninen, T},
    pages = {220--233},
    keywords = {avatar, avatar design, computer game, multi player, non verbal communication}
}

@article{Peng2012TheGame,
    title = {{The influence of competition, cooperation, and player relationship in a motor performance centered computer game}},
    year = {2012},
    journal = {Computers in Human Behavior},
    author = {Peng, Wei and Hsieh, Gary},
    number = {6},
    pages = {2100--2106},
    volume = {28},
    publisher = {Elsevier Ltd},
    keywords = {Competition, Computer game, Cooperation, Goal commitment, Motivation, Player relationship}
}

@article{Beznosyk2012TheExperience,
    title = {{The influence of cooperative game design patterns for remote play on player experience}},
    year = {2012},
    journal = {Asia Pacific Conference on Computer-Human Interaction},
    author = {Beznosyk, Anastasiia and Quax, Peter and Coninx, Karin and Lamotte, Wim},
    pages = {11--19},
    keywords = {Closely-coupled collaboration, Communication, Cooperative game patterns, Loosely-coupled collaboration, Player experience, Remote gameplay}
}

@article{Ducheneaut2004TheGaming,
    title = {{The social side of gaming}},
    year = {2004},
    journal = {ACM Conference on Computer Supported Cooperative Work},
    author = {Ducheneaut, Nicolas and Moore, Robert J.},
    number = {June},
    pages = {360--370}
}

@article{Vaddi2015Validating2,
    title = {{Validating test chambers to study cooperative communication mechanics in portal 2}},
    year = {2015},
    journal = {Annual Symposium on Computer-Human Interaction in Play},
    author = {Vaddi, Deepika and Stahlke, Samantha N. and Wehbe, Rina R. and Koroluk, Rylan and Toups, Zachary O. and Nacke, Lennart E.},
    pages = {721--726},
    keywords = {Communication, Cooperation, Experimentation, Game analysis}
}

@article{Tang2012VerbalGames,
    title = {{Verbal coordination in first person shooter games}},
    year = {2012},
    journal = {ACM Conference on Computer Supported Cooperative Work},
    author = {Tang, Anthony and Massey, Jonathan and Wong, Nelson and Reilly, Derek and Edwards, W. Keith},
    pages = {579--582},
    keywords = {collaborative virtual environments, cve, first person shooter, fps, verbal coordination, voice communication}
}

@article{Wuertz2017Why2,
    title = {{Why players use pings and annotations in Dota 2}},
    year = {2017},
    journal = {Conference on Human Factors in Computing Systems},
    author = {Wuertz, Jason and Bateman, Scott and Tang, Anthony},
    pages = {1978--1982},
    keywords = {Annotations, Communication tools, Dota 2, Gestures, Groupware, MOBAs, Motivation, Online games, Pings}
}